<collection xmlns="http://www.loc.gov/MARC21/slim">
   <record>
      <leader>03121cam a2200421Ii 4500</leader>
      <controlfield tag="001">6798895</controlfield>
      <controlfield tag="003">OCoLC</controlfield>
      <controlfield tag="005">20150109072006.5</controlfield>
      <controlfield tag="008">140409s2015    nyuab         001 0 eng  </controlfield>
      <datafield ind1=" " ind2=" " tag="020">
         <subfield code="a">1250062187</subfield>
      </datafield>
      <datafield ind1=" " ind2=" " tag="020">
         <subfield code="a">9781250062185</subfield>
      </datafield>
      <datafield ind1=" " ind2=" " tag="035">
         <subfield code="a">ocn876349700</subfield>
      </datafield>
      <datafield ind1=" " ind2=" " tag="039">
         <subfield code="a">exclude</subfield>
      </datafield>
      <datafield ind1=" " ind2=" " tag="040">
         <subfield code="a">YDXCP</subfield>
         <subfield code="b">eng</subfield>
         <subfield code="c">YDXCP</subfield>
         <subfield code="d">BTCTA</subfield>
         <subfield code="d">BDX</subfield>
         <subfield code="d">OCLCQ</subfield>
         <subfield code="d">IH9</subfield>
         <subfield code="d">AEU</subfield>
      </datafield>
      <datafield ind1=" " ind2="4" tag="082">
         <subfield code="a">576.84</subfield>
      </datafield>
      <datafield ind1=" " ind2=" " tag="090">
         <subfield code="a">QE 721.2 E97 K65 2014</subfield>
         <subfield code="b">AEKC</subfield>
      </datafield>
      <datafield ind1="1" ind2=" " tag="100">
         <subfield code="a">Kolbert, Elizabeth.</subfield>
         <subfield code="0">http://id.loc.gov/authorities/names/n2003054290</subfield>
         <subfield code="0">http://viaf.org/viaf/103163689</subfield>
      </datafield>
      <datafield ind1="1" ind2="0" tag="245">
         <subfield code="a">Sixth extinction :</subfield>
         <subfield code="b">an unnatural history /</subfield>
         <subfield code="c">Elizabeth Kolbert.</subfield>
      </datafield>
      <datafield ind1=" " ind2=" " tag="250">
         <subfield code="a">First Picador edition.</subfield>
      </datafield>
      <datafield ind1=" " ind2="1" tag="264">
         <subfield code="a">New York, N.Y. :</subfield>
         <subfield code="b">Picador Usa,</subfield>
         <subfield code="c">[2015].</subfield>
      </datafield>
      <datafield ind1=" " ind2="4" tag="264">
         <subfield code="c">©2014</subfield>
      </datafield>
      <datafield ind1=" " ind2=" " tag="300">
         <subfield code="a">319 pages :</subfield>
         <subfield code="b">illustrations, map ;</subfield>
         <subfield code="c">25 cm</subfield>
      </datafield>
      <datafield ind1=" " ind2=" " tag="336">
         <subfield code="a">text</subfield>
         <subfield code="b">txt</subfield>
         <subfield code="2">rdacontent</subfield>
         <subfield code="0">http://id.loc.gov/vocabulary/contentTypes/txt</subfield>
      </datafield>
      <datafield ind1=" " ind2=" " tag="337">
         <subfield code="a">unmediated</subfield>
         <subfield code="b">n</subfield>
         <subfield code="2">rdamedia</subfield>
         <subfield code="0">http://id.loc.gov/vocabulary/mediaTypes/n</subfield>
      </datafield>
      <datafield ind1=" " ind2=" " tag="338">
         <subfield code="a">volume</subfield>
         <subfield code="b">nc</subfield>
         <subfield code="2">rdacarrier</subfield>
         <subfield code="0">http://id.loc.gov/vocabulary/carriers/nc</subfield>
      </datafield>
      <datafield ind1=" " ind2=" " tag="504">
         <subfield code="a">Includes bibliographical references (pages 293-304) and index.</subfield>
      </datafield>
      <datafield ind1="0" ind2="0" tag="505">
         <subfield code="t">The sixth extinction --</subfield>
         <subfield code="t">The mastodon's molars --</subfield>
         <subfield code="t">The original penguin --</subfield>
         <subfield code="t">The luck of the ammonites --</subfield>
         <subfield code="t">Welcome to the Anthropocene --</subfield>
         <subfield code="t">The sea around us --</subfield>
         <subfield code="t">Dropping acid --</subfield>
         <subfield code="t">The forest and the trees --</subfield>
         <subfield code="t">Islands on dry land --</subfield>
         <subfield code="t">The new Pangaea --</subfield>
         <subfield code="t">The rhino gets an ultrasound --</subfield>
         <subfield code="t">The madness gene --</subfield>
         <subfield code="t">The thing with feathers.</subfield>
      </datafield>
      <datafield ind1=" " ind2=" " tag="520">
         <subfield code="a">Over the last half billion years, there have been five major mass extinctions, when the diversity of life on Earth suddenly and dramatically contracted. Scientists are currently monitoring the sixth extinction, predicted to be the most devastating since the asteroid impact that wiped out the dinosaurs. This time around the cataclysm is us. In this book the author tells us why and how human beings have altered life on the planet in a way no species has before. She provides a moving account of the disappearances of various species occurring all around us and traces the evolution of extinction as concept, from its first articulation by Georges Cuvier in revolutionary Paris up to Lyell and Darwin, and through the present day. The sixth extinction is likely to be mankind's most lasting legacy, compelling us to rethink the fundamental question of what it means to be human.</subfield>
      </datafield>
      <datafield ind1=" " ind2=" " tag="596">
         <subfield code="a">31</subfield>
      </datafield>
      <datafield ind1=" " ind2="0" tag="650">
         <subfield code="a">Mass extinctions.</subfield>
         <subfield code="0">http://id.loc.gov/authorities/subjects/sh2009010754</subfield>
      </datafield>
      <datafield ind1=" " ind2="0" tag="650">
         <subfield code="a">Extinction (Biology)</subfield>
         <subfield code="0">http://id.loc.gov/authorities/subjects/sh85046568</subfield>
      </datafield>
      <datafield ind1=" " ind2="0" tag="650">
         <subfield code="a">Environmental disasters.</subfield>
         <subfield code="0">http://id.loc.gov/authorities/subjects/sh2006008090</subfield>
      </datafield>
      <datafield ind1=" " ind2="0" tag="650">
         <subfield code="a">Nature</subfield>
         <subfield code="x">Effect of human beings on.</subfield>
         <subfield code="0">http://id.loc.gov/authorities/subjects/sh85080299</subfield>
      </datafield>
      <datafield ind1=" " ind2="0" tag="650">
         <subfield code="a">Human ecology.</subfield>
         <subfield code="0">http://id.loc.gov/authorities/subjects/sh85062856</subfield>
      </datafield>
      <datafield ind1=" " ind2=" " tag="758">
         <subfield code="0">http://worldcat.org/entity/work/id/24503443</subfield>
      </datafield>
      <datafield ind1="0" ind2=" " tag="787">
         <subfield code="n">OCLC Work Id</subfield>
         <subfield code="o">http://worldcat.org/entity/work/id/24503443</subfield>
      </datafield>
      <datafield ind1=" " ind2=" " tag="949">
         <subfield code="i">31979000578516</subfield>
         <subfield code="h">SKING-RF-B</subfield>
         <subfield code="l">ON_SHELF</subfield>
      </datafield>
      <datafield ind1=" " ind2=" " tag="926">
         <subfield code="a">QE 721.2 E97 K65 2014</subfield>
         <subfield code="w">LC</subfield>
         <subfield code="c">1</subfield>
         <subfield code="i">31979000578516</subfield>
         <subfield code="d">4/6/2017</subfield>
         <subfield code="e">4/6/2017</subfield>
         <subfield code="k">CHECKEDOUT</subfield>
         <subfield code="l">ON_SHELF</subfield>
         <subfield code="m">KINGS</subfield>
         <subfield code="n">5</subfield>
         <subfield code="r">M</subfield>
         <subfield code="s">Y</subfield>
         <subfield code="t">BOOK</subfield>
         <subfield code="u">2/3/2015</subfield>
      </datafield>
   </record>
</collection>
